<?xml version="1.0" encoding="UTF-8"?><collection xmlns="http://www.loc.gov/MARC21/slim"><record><leader>00356nam--2200133-i-4500</leader><controlfield tag="001">000045303</controlfield><controlfield tag="002">20161230</controlfield><controlfield tag="005">20161230201045</controlfield><controlfield tag="008">060222s1000------------r-----000-0-eng-d</controlfield><datafield ind1=" " ind2=" " tag="080"><subfield code="a">541.128:546.3:539.2</subfield></datafield><datafield ind1=" " ind2=" " tag="245"><subfield code="a">Transition metals in homogeneous catalysis</subfield></datafield><datafield ind1=" " ind2=" " tag="260"><subfield code="a">New York, Marcel Dekker, Inc., 1971, Ix+415p</subfield></datafield><datafield ind1=" " ind2=" " tag="700"><subfield code="a">Schauzer,G.N</subfield></datafield><datafield ind1=" " ind2=" " tag="852"><subfield code="a">37223</subfield></datafield></record></collection>